@misc{std:RFC2119,
    author = {Scott Bradner},
    howpublished = {RFC 2119},
    month = mar,
    organization = {IETF},
    title = {Key words for use in {RFCs} to Indicate Requirement Levels},
    url = {http://www.ietf.org/rfc/rfc2119.txt},
    year = {1997}}

@misc{std:SimDM,
    author = {Gerard Lemson and Laurent Bourg{\`e}s and Miguel Cervi{\~n}o and Claudio Gheller and Norman Gray and Franck LePetit and Mireille Louys and Benjamin Ooghe and Rick Wagner and Herv{\'e} Wozniak},
    title = {Simulation Data Model, Version 1.0},
    howpublished = {{IVOA Recommendation}},
    month =        may,
    year =         2012,
    url =          {http://www.ivoa.net/documents/SimDM/}
}

@misc{lemson08,
    author = {Gerard Lemson Herv{\'e} Wozniak Rick Wagner Claudio Gheller Laurent Bourg{\`e}s},
    title = {Proposal for a Simulation Database Standard, Version 1.00},
    howpublished = {{IVOA Note}},
    month =        jul,
    year =         2008,
    url =          {http://www.ivoa.net/documents/latest/SimDBTrack.html}
}

@misc{std:W3CProvDM,
    author = {Khalid Belhajjame and Reza B'Far and James Cheney and Sam Coppens and Stephen Cresswell and Yolanda Gil and Paul Groth and Graham Klyne and Timothy Lebo and Jim McCusker and Simon Miles and James Myers and Satya Sahoo and Curt Tilmes},
    title = {{PROV-DM}: The PROV Data Model},
    howpublished = {{W3C Recommendation}},
    month =        apr,
    year =         2013,
    url =          {http://www.w3.org/TR/prov-dm/}
}
