% [1] R. Hanisch, Resource Metadata for the Virtual Observatory , http://www.ivoa.net/Documents/latest/RM.html
@Misc{std:RM,
  editor =       {R Hanisch},
  author =       {Robert Hanisch and {IVOA Resource Registry Working Group} and {NVO Metadata Working Group}},
  title =        {Resource Metadata for the Virtual Observatory},
  howpublished = {{IVOA Recommendation}},
  year =         {2007},
  url =          {http://www.ivoa.net/Documents/latest/RM.html}
}

% [2] R. Hanisch, M. Dolensky, M. Leoni, Document Standards Management: Guidelines and Procedure , http://www.ivoa.net/Documents/latest/DocStdProc.html
@Misc{std:DocSTDProc,
  author =       {Bob Hanisch and Markus Dolensky and Marco Leoni},
  title =        {Document Standards Management: Guidelines and
                  Procedure, Version 1.0},
  howpublished = {{IVOA Note}},
  year =         2004,
  url =          {http://www.ivoa.net/Documents/latest/DocStdProc.html}
}

@Misc{std:VOID,
  author =       {Raymond Plante and Tony Linde and Roy Williams and Keith Noddle},
  title =        {{IVOA} Identifiers, Version 1.03},
  howpublished = {{IVOA Recommendation}},
  month =        mar,
  year =         2007,
  url =          {http://www.ivoa.net/Documents/REC/Identifiers/Identifiers-20070302.html}
}

@Misc{std:VOR,
  author =       {Raymond Plante and Kevin Benson and Matthew Graham and Gretchen Greene and Paul Harrison and Gerard Lemson and Tony Linde and Guy Rixon and Aurélien Stébé},
  title =        {{VOResource}: an {XML} Encoding Schema for Resource Metadata
Version 1.03},
  howpublished = {{IVOA Recommendation}},
  month =        feb,
  year =         2008,
  url =          {http://www.ivoa.net/Documents/REC/ReR/VOResource-20080222.html},
}

@Misc{std:docSTD,
  author =       {R. J. Hanisch and C. Arviset and F. Genova and B. Rino},
  title =        {IVOA Document Standards, Version 1.2},
  howpublished = {{IVOA Recommendation}},
  year =         2010,
  url =          {http://www.ivoa.net/Documents/DocStd/}
}

@Misc{std:UWS,
  author =       {Paul Harrison and Guy Rixon},
  title =        {Universal Worker Service Pattern, Version 1.0},
  howpublished = {{IVOA Recommendation}},
  month =        oct,
  year =         2010,
  url =          {http://www.ivoa.net/Documents/UWS}
}

@Misc{std:TAP,
  author =       {Patrick Dowler and Guy Rixon and Doug Tody},
  title =        {Table Access Protocol Version 1.0},
  howpublished = {{IVOA Recommendation}},
  month =        mar,
  year =         2010,
  url =          {http://www.ivoa.net/Documents/TAP}
}

@Misc{std:TAP-20100327,
  author =       {Patrick Dowler and Guy Rixon and Doug Tody},
  title =        {Table Access Protocol Version 1.0, 2010-03-27},
  howpublished = {{IVOA Recommendation}},
  month =        mar,
  year =         2010,
  url =          {http://www.ivoa.net/documents/TAP/20100327}
}

@Misc{std:DALREGEXT,
  author =       {Raymond Plante and Jesus Delago and Paul Harrison and 
  	Doug Tody},
  title =        {{SimpleDALRegExt}: Describing Simple Data Access Services,
  	Version 1.0},
  howpublished = {{IVOA Proposed Recommendation}},
  month =        may,
  year =         2012,
  url =          {http://www.ivoa.net/Documents/SimpleDALRegExt/20120517/PR-SimpleDALRegExt-20120517.html}
}

@Misc{std:VODS11,
	author = {Raymond Plante and Aurélien Stébé and Kevin Benson and Patrick Dowler and Matthew Graham and Gretchen Greene and Paul Harrison and Gerard Lemson and Tony Linde and Guy Rixon},
	title = {{VODataService}: a {VOResource} Schema Extension for Describing Collections and Services Version 1.1},
  howpublished = {{IVOA Recommendation}},
  month =        dec,
  year =         2010,
  url =          {http://www.ivoa.net/Documents/VODataService/}
}


@Misc{std:DALI,
	author =       {Patrick Dowler and Markus Demleitner and Mark Taylor and Doug Tody},
	title =        {Data Access Layer Interface, Version 1.0},
	howpublished = {{IVOA Recommendation}},
  month =        nov,
  year =         2013,
  url =          {http://www.ivoa.net/documents/DALI}
}


% [3] R. Fielding, http://www.ics.uci.edu/~fielding/pubs/dissertation/top.htm
@PhdThesis{fielding00,
  author =       {Roy Thomas Fielding},
  title =        {Architectural Styles and the Design of Network-based
                  Software Architectures},
  school =       {University of California, Irvine},
  year =         2000,
  url =          {http://www.ics.uci.edu/~fielding/pubs/dissertation/top.htm}
}


%[7] WSDL, http://www.w3.org/TR/2007/REC-wsdl20-primer-20070626/
@Misc{booth07,
  author =       {David Booth and Canyang Kevin Liu},
  title =        {Web Services Description Language (WSDL) Version 2.0
                  Part 0: Primer},
  howpublished = {{W3C Recommendation}},
  year =         2007,
  url =          {http://www.w3.org/TR/wsdl20-primer}
}

@Misc{std:XPATH,
  author =       {James Clark and Steve DeRose},
  title =        {XML Path Language (XPath), Version 1.0},
  howpublished = {{W3C Recommendation}},
  year =         1999,
  url =          {http://www.w3.org/TR/1999/REC-xpath-19991116},
}


%[8] WADL, https://wadl.dev.java.net/
@webpage{wadl,
  url = {https://wadl.dev.java.net/},
  key = {WADL},
  title = {WADL}
}
%[9] RESTful Web Services, L. Richardson and S. Ruby, O’Reilly
@Book{richardson07,
  author =       {Leonard Richardson and Sam Ruby},
  title =        {{RESTful} Web Services},
  publisher =    {O'Reilly},
  year =         2007,
  isbn =         {978-0596529260}
}

@misc{std:RFC2119,
        Author = {S Bradner},
        Howpublished = {RFC 2119},
        Month = mar,
        Organization = {IETF},
        Title = {Key words for use in {RFCs} to Indicate Requirement Levels},
        Url = {http://www.ietf.org/rfc/rfc2119.txt},
        Year = {1997}}
        
@misc{harrison05,
       Author = {P. Harrison},
       Month = may,
       Organization = {IVOA},
       Title = {A Proposal for a Common Execution Architecture},
       Version = {1.20},
       howpublished = {{IVOA Note}},
       Url = {http://www.ivoa.net/Documents/latest/CEA.html},
       Year = {2005}
}

@Misc{std:VOEVENT,
  date-added	= {2007-11-19 17:44:04 +0000},
  date-modified	= {2007-11-19 17:46:11 +0000},
  editor	= {Rob Seaman and Roy Williams},
  howpublished	= {{IVOA Recommendation}},
  keywords	= {ivoa; vocabularies; standard},
  title		= {Sky Event Reporting Metadata ({VOEvent})},
  url		= {http://www.ivoa.net/Documents/latest/VOEvent.html},
  year		= {2006}
}

@misc{std:UCD,
  author	= {S{\'e}bastien Derriere and Norman Gray and Robert Mann and
		  Preite Martinez, Andrea and Jonathan McDowell and Thomas
		  McGlynn and Fran{\,c}ois Ochsenbein and Pedro Osuna and Guy
		  Rixon and Roy Williams},
  editor = {S{\'e}bastien Derriere and Andrea Preite Martinez and Roy Williams},
  date-added	= {2005-07-05 09:45:44 +0100},
  date-modified	= {2007-11-20 17:05:29 +0000},
  howpublished  = {{IVOA Recommendation}},
  keywords	= {standard; ivoa},
  lastchecked	= {February 2008},
  title		= {{UCD (Unified Content Descriptor)} -- Moving to {UCD1+}},
  url		= {http://www.ivoa.net/Documents/latest/UCD.html},
  year		= {2004}
}


@misc{std:STDREGEXT,
  author =       {Paul Harrison and Douglas Burke and Ray Plante and Guy Rixon and Dave Morris},
  title =        {{StandardsRegExt}: a {VOResource} Schema Extension for Describing {IVOA} Standards, Version 1.0},
  howpublished = {{IVOA Recommendation}},
  month =        may,
  year =         2012,
  url =          {http://www.ivoa.net/Documents/StandardsRegExt/20120508/REC-StandardsRegExt-1.0-20120508.html},
}


@misc{std:TAPREGEXT,
	author = {Markus Demleitner and Patrick Dowler and Ray Plante and Guy Rixon and Mark Taylor},
	title = {{TAPRegExt}: a {VOResource} Schema Extension for Describing {TAP} Services, Version 1.0},
  howpublished = {{IVOA Recommendation}},
  month =        aug,
  year =         2012,
  url =          {http://www.ivoa.net/Documents/TAPRegExt},
}

@misc{std:TAPREGEXT-20120827,
	author = {Markus Demleitner and Patrick Dowler and Ray Plante and Guy Rixon and Mark Taylor},
	title = {{TAPRegExt}: a {VOResource} Schema Extension for Describing {TAP} Services, Version 1.0, 2012-08-27},
  howpublished = {{IVOA Recommendation}},
  month =        aug,
  year =         2012,
  url =          {http://www.ivoa.net/documents/TAPRegExt/20120827/index.html},
}

@webpage{IVOAWIKI,
  url = {http://wiki.ivoa.net/twiki/bin/view/IVOA/WebHome},
  key = {http://wiki.ivoa.net},
  title = {{IVOA} Wiki}

}

@misc{std:DUBLINCORE,
        Author = {{DCMI Usage Board}},
        Date-Added = {2008-01-09 13:41:18 +0000},
        Date-Modified = {2008-01-09 13:43:07 +0000},
        Howpublished = {{DCMI Recommendation}},
        Title = {{DCMI} Metadata Terms},
        Url = {http://dublincore.org/documents/dcmi-terms/},
        Year = {2006}}
@misc{std:UCDMAINT,
	Author = {Nausicaa Delmotte and S{\'e}bastien Derriere and Norman Gray and Robert Mann and Jonathan McDowell and Thomas McGlynn and Fran{\,c}ois Ochsenbein and Pedro Osuna and Andrea Preite Martinez and Guy Rixon and Roy Williams},
	editor = {Preite Martinez, Andrea and S{\'e}bastien Derriere},
	Howpublished = {{IVOA Recommendation}},
	Month = may,
	Title = {Maintenance of the list of {UCD} words},
	Url = {http://www.ivoa.net/Documents/latest/UCDlistMaintenance.html},
	Year = {2006}}

	
@Misc{std:RFC3986,
  author =       {T Berners-Lee and R Fielding and L Masinter},
  title =        {{Uniform Resource Identifier (URI)}: Generic Syntax},
  howpublished = {RFC 3986},
  organization = {{IETF}},
  url =          {http://www.ietf.org/rfc/rfc3986.txt},
  month =        jan,
  year =         2005
}

@Misc{std:SIAP,
  editor =       {Paul Harrison},
  author =       {Doug Tody and Ray Plante},
  title =        {Simple Image Access Specification},
  howpublished = {{IVOA Recommendation}},
  year =         {2009},
  url =          {http://www.ivoa.net/Documents/latest/SIA.html}
}
@Misc{std:SCS,
  editor =       {Raymond Plante},
  author =       {Roy Williams and Robert Hanisch and Alex Szalay and Raymond Plante},
  title =        {Simple Cone Search},
  howpublished = {{IVOA Recommendation}},
  year =         {2008},
  url =          {http://www.ivoa.net/Documents/latest/ConeSearch.html}
}

@Misc{std:SSAP,
  editor =       {Doug Tody},
  author =       {Doug Tody and Markus Dolensky and Jonathan {McDowell}
  	and Fran\cois Bonnarel and Tamas Budavari and Ivan Busko and
  	Alberto Micol and Pedro Osuna and Jesus Salgado and Petr Skoda
  	and Randy Thompson and Franceso Valdes},
  title =        {Simple Spectral Access Protocol Version 1.1},
  howpublished = {{IVOA Recommendation}},
  year =         {2012},
  url =          {http://www.ivoa.net/documents/SSA/20120210/REC-SSA-1.1-20120210.htm}

}

@Misc{std:ADQL,
  editor =       {Pedro Osuna and I{\~n}aki Ortiz},
  author =       {I{\~n}aki Ortiz and Jeff Lusted and Pat Dowler and Alexander Szalay and Yuji Shirasaki and Maria A. Nieto-Santisteba and Masatoshi Ohishi and William O'Mullane and Pedro Osuna and the VOQL-TEG and the VOQL Working Group},
  title =        {{IVOA} Astronomical Data Query Language},
  howpublished = {{IVOA Recommendation}},
  year =         {2008},
  url =          {http://www.ivoa.net/Documents/latest/ADQL.html}
}

@Misc{std:ADQL-20081030,
  editor =       {Pedro Osuna and I{\~n}aki Ortiz},
  author =       {I{\~n}aki Ortiz and Jeff Lusted and Pat Dowler and Alexander Szalay and Yuji Shirasaki and Maria A. Nieto-Santisteba and Masatoshi Ohishi and William O'Mullane and Pedro Osuna and the VOQL-TEG and the VOQL Working Group},
  title =        {{IVOA} Astronomical Data Query Language, Version 2.0, 2008-10-30},
  howpublished = {{IVOA Recommendation}},
  year =         {2008},
  url =          {http://www.ivoa.net/documents/cover/ADQL-20081030.html}
}

@Misc{std:VOSPACE,
  editor =       {Matthew Graham},
  author =       {Matthew Graham and Dave Morris and Guy Rixon},
  title =        {{VOSpace} specification},
  howpublished = {{IVOA Recommendation}},
  year =         {2009},
  url =          {http://www.ivoa.net/Documents/VOSpace/}
}

@Misc{std:RI1,
  editor =       {Kevin Benson and Ray Plante},
  author =       {Kevin Benson and Ray Plante and Elizabeth Auden and Matthew Graham and Gretchen Greene and Martin Hill and Tony Linde and Dave Morris and Wil O'Mullane and Guy Rixon and Aurélien Stébé and Kona Andrews},
  title =        {{IVOA} Registry Interfaces Version 1.0},
  howpublished = {{IVOA Recommendation}},
  year =         {2009},
  url =          {http://www.ivoa.net/Documents/RegistryInterface/}
}

@Misc{std:STC,
  author =       {Arnold Rots},
  title =        {Space-Time Coordinate Metadata for the Virtual Observatory},
  howpublished = {{IVOA Recommendation}},
  year =         {2007},
  url =          {http://www.ivoa.net/Documents/latest/STC.html}
}

@misc{std:OAIPMH,
	editor =       {Carl Lagoze and Herbert Van de Sompel and Michael Nelson
		and Simeon Warner},
	title =        {The Open Archives Initiative Protocol for Metadata 
		Harvesting, Version 2.0},
	year =         {2002},
	url =          {http://www.openarchives.org/OAI/openarchivesprotocol.html}}

@webpage{sextractor,
  url = {http://astromatic.iap.fr/software/sextractor/},
  key = {http://astromatic.iap.fr/software/sextractor/},
  title = {SExtractor}
  }
  
@Misc{std:SOAP,
  author= {Don Box and
David Ehnebuske and 
Gopal Kakivaya and 
Andrew Layman and 
Noah Mendelsohn and
Henrik Frystyk Nielsen and
Satish Thatte and 
Dave Winer
  },
  title={Simple Object Access Protocol (SOAP) 1.1},
  year = 2000,
  url = {http://www.w3.org/TR/2000/NOTE-SOAP-20000508/}
  }
  
@Misc{std:VOCEA,
  author={Paul Harrison},
  title={VOCEA - An XML schema for Registering CEA},
  }

@Misc{std:SSOAUTH,
  author={{Grid and Web Services Working Group}},
  editor={Guy Rixon and Matthew Graham},
  title={IVOA Single-Sign-On Profile: Authentication Mechanisms Version 1.01},
  year=2008,
  url= {http://www.ivoa.net/Documents/latest/SSOAuthMech.html}
}

@Misc{std:VOSI,
	author={{Grid and Web Services Working Group}},
	editor={Matthew Graham and Guy Rixon},
	title={{IVOA} Support Interfaces Version 1.0},
	year=2011,
	url={http://www.ivoa.net/Documents/VOSI/index.html}
}

@Misc{std:VOUNIT,
	author={Sebastien Derriere and Norman Gray and Mireille Louys
		and Jonathan McDowell and Francois Ochsenbein and Pedro Osuna and
		Bruno Rino and Jesus Salgado},
	editor={Sebastien Derriere},
	howpublished={{IVOA Proposed Recommendation}},
	title={Units in the {VO}},
	year=2012,
	url={http://www.ivoa.net/Documents/VOUnits/index.html}
}

@Misc{std:OBSCORE,
	author={Mireille Louys and Francois Bonnarel and David Schade and 
		Patrick Dowler and Alberto Micol and Daniel Durand and Doug Tody 
		and Laurent Michel and Jesus Salgado and Igor Chilingarian 
		and Bruno Rino and Juan de Dios Santander and Petr Skoda},
	editor={Doug Tody and Alberto Micol and Daniel Durand and Mireille Louys},
	howpublished={{IVOA Recommendation}},
	title={Observation Data Model Core Components and its Implementation
		in the {Table Access Protocol}, Version 1.0},
	year=2011,
	url={http://www.ivoa.net/Documents/ObsCore/20111028/REC-ObsCore-v1.0-20111028.pdf}
}

@Misc{std:SDM,
	author={Jonathan McDowell and Jesus Salgado and Carlos Rodrigo Blanco and Pedro Osuna and Doug Tody and Enrique Solano and Joe Mazzarella and Raffaele D'Abrusco and Mireille Louys and Tamas Budavari and Markus Dolensky and Inga Kamp and Kelly McCusker and Pavlos Protopapas and Arnold Rots and Randy Thompson and Frank Valdes and Petr Skoda and Bruno Rino and Jim Cant and Omar Laurino},
	editor={Jonathan {McDowell} and Doug Tody},
	howpublished={{IVOA Recommendation}},
	title={{IVOA} Spectrum Data Model, Version 1.1},
	year=2011,
	url={http://www.ivoa.net/documents/SpectrumDM/}
}


@Misc{std:MOC,
	author={Thomas Boch and Tom Donaldson and Daniel Durand and Pierre Fernique
		and Wil O'Mullane and Martin Reinecke and Mark Taylor},
	editor={Pierre Fernique},
	howpublished={{IVOA Working Draft}},
	title={{MOC} -- {HEALPix} Multi-Order Coverage map},
	year=2013,
	url={http://www.ivoa.net/documents/MOC/}
}


@Misc{std:RegTAP,
	author={Markus Demleitner and Paul Harrison and Marco Molinaro and 
		Gretchen Greene and Theresa Dower and Menelaos Perdikeas},
	editor={Markus Demleitner},
	howpublished={{IVOA Working Draft}},
	title={{IVOA} Registry Relational Schema},
	year=2013,
	url={http://www.ivoa.net/documents/RegTAP/},
}

@Misc{std:Datalink,
	author={Patrick Dowler and Francois Bonnarel and Laurent Michel and Tom Donaldson and David Languignon},
	editor={Patrick Dowler},
	howpublished={{IVOA Working Draft}},
	title={DataLink},
	year=2013,
	url={http://www.ivoa.net/documents/DataLink/},
}

@Misc{std:VOTABLE,
	author={Francois Ochsenbein and Roy Williams and Clive Davenhall and Markus Demleitner and Daniel Durand and Pierre Fernique and David Giaretta and Robert Hanisch and Tom McGlynn and Alex Szalay and Mark Taylor and Andreas Wicenec},
	editor={Francois Ochsenbein and Mark Taylor},
	howpublished={{IVOA Recommendation}},
	title={VOTable Format Definition},
	year=2013,
	url={http://www.ivoa.net/documents/VOTable/},
}


@Misc{std:iso8601,
  author={{International Organization for Standardization)}},
  title={Data elements and interchange formats -- Information interchange -- Representation of dates and times},
  year=2004,
  url= {http://www.iso.org/iso/catalogue_detail?csnumber=40874}
}
@Misc{std:XFORM,
  editor={John M. Boyer},
  author={John M. Boyer},
  title={XForms 1.1},
  Organization = {W3C},
  howpublished = {{W3C Recommendation}},
  year=2007,
  url= {http://www.w3.org/TR/xforms11/}
}
@TechReport{	  preitemartinez07,
  author	= {Preite Martinez, Andrea and Soizick Lesteven},
  date-added	= {2007-11-19 18:04:22 +0000},
  date-modified	= {2007-12-12 19:28:37 +0000},
  institution	= {{IVOA}},
  keywords	= {vocabularies; ivoa},
  title		= {Astronomical Keywords in the era of the Virtual
		  Observatory},
  type		= {{IVOA Note}},
  url		= {http://www.ivoa.net/Documents/latest/AstroKeysTN.html},
  year		= {2007}
}

@Misc{std:XML,
  author =       {Tim Bray and Jean Paoli and C M Sperberg-McQueen and Eve Maler and Fran{\c c}ois Yergeau},
  title =        {Extensible Markup Language (XML) 1.0 (Fifth Edition)},
  howpublished = {W3C Recommendation},
  month =        nov,
  year =         2008,
  url =          {http://www.w3.org/TR/REC-xml/}
}

@Misc{std:XMLNS,
  author =       {Tim Bray and Dave Hollander and Andrew Layman and Richard Tobin and Henry S. Thompson},
  title  =       {Namespaces in {XML} 1.0 (Third Edition)},
  howpublished = {W3C Recommendation},
  month =        dec,
  year =         2009,
  url =          {http://www.w3.org/TR/2009/REC-xml-names-20091208/}
}

@Misc{std:XSL2,
  editor =       {Michael Kay},
  key = {Kay},
  title =        {XSL Transformations (XSLT) Version 2.0},
  howpublished = {W3C Recommendation},
  month =        jan,
  year =         2007,
  url =          {http://www.w3.org/TR/xslt20/}
}

@Misc{std:HTML4,
  editor =       {Dave Raggett and Arnaud Le Hors and Ian Jacobs},
  key =          {Raggett},
  title =        {HTML 4.01 Specification},
  howpublished = {{W3C Recommendation}},
  month =        dec,
  year =         1999,
  url =          {http://www.w3.org/TR/1999/REC-html401-19991224/}
}

@Misc{std:HTTP,
  author =       {R. Fielding and J. Gettys and J. Mogul and H. Frystyk and L. Masinter and P. Leach and T. Berners-Lee},
  title =        {Hypertext Transfer Protocol -- {HTTP}/1.1},
  howpublished = {{rfc2616}},
  month =        jun,
  year =         1999,
  url =          {http://www.w3.org/Protocols/rfc2616/rfc2616.html}
}

@Misc{std:DNS,
  author =       {P. Mockapetris},
  title =        {Domain names - concepts and facilities},
  howpublished = {IETF RFC},
  organization = {{IETF}},
  url =          {http://www.ietf.org/rfc/rfc1034.txt},
  month =        nov,
  year =         1987
}

@misc{std:SQL1992,
	AUTHOR="International Standard Organization",
	TITLE="The Database Language {SQL}",
	HOWPUBLISHED="Technical Report, Document ISO/IEC9075:1992 ",
	YEAR="1992"}

@misc{std:UNICODE,
	author=   {The Unicode Consortium},
	year=     {2012},
	title=    {The Unicode Standard, Version 6.1 Core Specification},
	url=      {http://www.unicode.org/versions/Unicode6.1.0}
}


@webpage{saxon,
  url = {http://saxon.sourceforge.net/},
  key = {http://saxon.sourceforge.net/},
  title = {Saxon}
  }

@webpage{ant,
  url = {http://ant.apache.org/},
  key = {http://ant.apache.org/},
  title = {Apache {Ant}}
  }

@webpage{FOP,
  url = {http://xmlgraphics.apache.org/fop/},
  key = {http://xmlgraphics.apache.org/fop/},
  title = {Apache {FOP}}
  }

@webpage{SAX,
  url = {http://www.saxproject.org/},
  key = {http://www.saxproject.org/},
  title = {{SAX}}
  }

@webpage{doc:Postgres92,
	url = {http://www.postgresql.org/docs/9.2/static/index.html},
	key = {http://www.postgresql.org/docs/9.2/static/index.html},
	title = {Postgre{SQL} 9.2.1 Documentation}
	}

@webpage{svc:RDFaVal,
	url = {http://www.w3.org/2012/pyRdfa/Validator.html},
	key = {http://www.w3.org/2012/pyRdfa/Validator.html},
	title = {{W3C RDFa} validator}
	}

@webpage{soft:pgsphere,
	url = {http://pgsphere.projects.pgfoundry.org/},
  key = {http://pgsphere.projects.pgfoundry.org/},
  title = {{pgSphere}}
}


@inproceedings{soft:q3c,
   author = {{Koposov}, S. and {Bartunov}, O.},
    title = "{Q3C, Quad Tree Cube -- The new Sky-indexing Concept for Huge Astronomical Catalogues and its Realization for Main Astronomical Queries (Cone Search and Xmatch) in Open Source Database PostgreSQL}",
booktitle = {Astronomical Data Analysis Software and Systems XV},
     year = 2006,
   series = {Astronomical Society of the Pacific Conference Series},
   volume = 351,
   editor = {{Gabriel}, C. and {Arviset}, C. and {Ponz}, D. and {Enrique}, S.
	},
    month = jul,
    pages = {735},
   adsurl = {http://ads.ari.uni-heidelberg.de/abs/2006ASPC..351..735K},
  adsnote = {Provided by the SAO/NASA Astrophysics Data System}
}

@ARTICLE{soft:Aladin,
   author = {{Bonnarel}, F. and {Fernique}, P. and {Bienaym{\'e}}, O. and 
	{Egret}, D. and {Genova}, F. and {Louys}, M. and {Ochsenbein}, F. and 
	{Wenger}, M. and {Bartlett}, J.~G.},
    title = "{The ALADIN interactive sky atlas. A reference tool for identification of astronomical sources}",
  journal = {Astronomy and Astrophysics Supplement},
     year = 2000,
    month = apr,
   volume = 143,
    pages = {33-40},
      doi = {10.1051/aas:2000331},
   adsurl = {http://ads.ari.uni-heidelberg.de/abs/2000A%26AS..143...33B},
}
